

@inproceedings{couairon2023diffedit,
  title={DiffEdit: Diffusion-based Semantic Image Editing with Mask Guidance},
  author={Couairon, Guillaume and Verbeek, Jakob and Schwenk, Holger and Cord, Matthieu},
  booktitle={International Conference on Learning Representations},
  year={2023}
}

@inproceedings{pan2023effective,
  title={Effective Real Image Editing with Accelerated Iterative Diffusion Inversion},
  author={Pan, Zhihong and Gherardi, Riccardo and Xie, Xiufeng and Huang, Stephen},
  booktitle={International Conference on Computer Vision},
  year={2023}
}

@inproceedings{song2020denoising,
  title={Denoising Diffusion Implicit Models},
  author={Song, Jiaming and Meng, Chenlin and Ermon, Stefano},
  booktitle={International Conference on Learning Representations},
  year={2020}
}

@inproceedings{zhang2023adding,
  title={Adding conditional control to text-to-image diffusion models},
  author={Zhang, Lvmin and Rao, Anyi and Agrawala, Maneesh},
  booktitle={IEEE/CVF International Conference on Computer Vision},
  year={2023}
}

@inproceedings{hertz2022prompt,
  title={Prompt-to-Prompt Image Editing with Cross-Attention Control},
  author={Hertz, Amir and Mokady, Ron and Tenenbaum, Jay and Aberman, Kfir and Pritch, Yael and Cohen-or, Daniel},
  booktitle={International Conference on Learning Representations},
  year={2022}
}

@inproceedings{cao_2023_masactrl,
    title     = {MasaCtrl: Tuning-Free Mutual Self-Attention Control for Consistent Image Synthesis and Editing},
    author    = {Cao, Mingdeng and Wang, Xintao and Qi, Zhongang and Shan, Ying and Qie, Xiaohu and Zheng, Yinqiang},
    booktitle = {International Conference on Computer Vision},
    year      = {2023}
}

@inproceedings{rombach2022high,
  title={High-resolution image synthesis with latent diffusion models},
  author={Rombach, Robin and Blattmann, Andreas and Lorenz, Dominik and Esser, Patrick and Ommer, Bj{\"o}rn},
  booktitle={Computer Vision and Pattern Recognition},
  year={2022}
}


@inproceedings{ju2023direct,
  title={Direct Inversion: Boosting Diffusion-based Editing with 3 Lines of Code},
  author={Ju, Xuan and Zeng, Ailing and Bian, Yuxuan and Liu, Shaoteng and Xu, Qiang},
  booktitle={International Conference on Learning Representations},
  year={2023}
}

@inproceedings{podell2023sdxl,
  title={SDXL: Improving Latent Diffusion Models for High-Resolution Image Synthesis},
  author={Podell, Dustin and English, Zion and Lacey, Kyle and Blattmann, Andreas and Dockhorn, Tim and M{\"u}ller, Jonas and Penna, Joe and Rombach, Robin},
  booktitle={International Conference on Learning Representations},
  year={2023}
}

@inproceedings{COCO,
author="Lin, Tsung-Yi
and Maire, Michael
and Belongie, Serge
and Hays, James
and Perona, Pietro
and Ramanan, Deva
and Doll{\'a}r, Piotr
and Zitnick, C. Lawrence",
title="Microsoft COCO: Common Objects in Context",
booktitle="European Conference on Computer Vision",
year="2014"
}

@inproceedings{mokady2023null,
  title={Null-text inversion for editing real images using guided diffusion models},
  author={Mokady, Ron and Hertz, Amir and Aberman, Kfir and Pritch, Yael and Cohen-Or, Daniel},
  booktitle={Computer Vision and Pattern Recognition},
  year={2023}
}

@inproceedings{dong2023prompt,
  title={Prompt tuning inversion for text-driven image editing using diffusion models},
  author={Dong, Wenkai and Xue, Song and Duan, Xiaoyue and Han, Shumin},
  booktitle={International Conference on Computer Vision},
  year={2023}
}

@inproceedings{zhang2018unreasonable,
  title={The unreasonable effectiveness of deep features as a perceptual metric},
  author={Zhang, Richard and Isola, Phillip and Efros, Alexei A and Shechtman, Eli and Wang, Oliver},
  booktitle={Computer Vision and Pattern Recognition},
  year={2018}
}

@inproceedings{simonyan2015very,
  title={Very deep convolutional networks for large-scale image recognition},
  author={Simonyan, K and Zisserman, A},
  booktitle={International Conference on Learning Representations},
  year={2015}
}

@article{liu2023portrait,
  title={Portrait Diffusion: Training-free Face Stylization with Chain-of-Painting},
  author={Liu, Jin and Huang, Huaibo and Jin, Chao and He, Ran},
  journal={arXiv preprint arXiv:2312.02212},
  year={2023}
}

@article{wang2004image,
  title={Image quality assessment: from error visibility to structural similarity},
  author={Wang, Zhou and Bovik, Alan C and Sheikh, Hamid R and Simoncelli, Eero P},
  journal={IEEE transactions on image processing},
  year={2004}
}

@article{betker2023improving,
  title={Improving image generation with better captions},
  author={Betker, James and Goh, Gabriel and Jing, Li and Brooks, Tim and Wang, Jianfeng and Li, Linjie and Ouyang, Long and Zhuang, Juntang and Lee, Joyce and Guo, Yufei and others},
  journal={Computer Science},
  year={2023}
}

@article{zhang2024objectadd,
  title={ObjectAdd: Adding Objects into Image via a Training-Free Diffusion Modification Fashion},
  author={Zhang, Ziyue and Lin, Mingbao and Ji, Rongrong},
  journal={arXiv preprint arXiv:2404.17230},
  year={2024}
}

@article{garibi2024renoise,
  title={ReNoise: Real Image Inversion Through Iterative Noising},
  author={Garibi, Daniel and Patashnik, Or and Voynov, Andrey and Averbuch-Elor, Hadar and Cohen-Or, Daniel},
  journal={arXiv preprint arXiv:2403.14602},
  year={2024}
}

@article{anderson1965iterative,
  title={Iterative procedures for nonlinear integral equations},
  author={Anderson, Donald G},
  journal={Journal of the ACM},
  year={1965}
}

@article{ho2020denoising,
  title={Denoising diffusion probabilistic models},
  author={Ho, Jonathan and Jain, Ajay and Abbeel, Pieter},
  journal={Advances in neural information processing systems},
  year={2020}
}

@book{bauschke2011fixed,
  title={Fixed-point algorithms for inverse problems in science and engineering},
  author={Bauschke, Heinz H and Burachik, Regina S and Combettes, Patrick L and Elser, Veit and Luke, D Russell and Wolkowicz, Henry},
  volume={49},
  year={2011},
  publisher={Springer Science \& Business Media}
}

@misc{chatGPT,
    author= {{Openai}},
    year  = {2024},
    title = {ChatGPT},
    note  = {\url{https://chat.openai.com/}, 
             Last accessed on 2024-2-27},
}