@inproceedings{ronneberger2015u,
  title={U-net: Convolutional networks for biomedical image segmentation},
  author={Ronneberger, Olaf and Fischer, Philipp and Brox, Thomas},
  booktitle={Medical image computing and computer-assisted intervention--MICCAI 2015: 18th international conference, Munich, Germany, October 5-9, 2015, proceedings, part III 18},
  pages={234--241},
  year={2015},
  organization={Springer}
}

@article{ho2022imagen,
  title={Imagen video: High definition video generation with diffusion models},
  author={Ho, Jonathan and Chan, William and Saharia, Chitwan and Whang, Jay and Gao, Ruiqi and Gritsenko, Alexey and Kingma, Diederik P and Poole, Ben and Norouzi, Mohammad and Fleet, David J and others},
  journal={arXiv preprint arXiv:2210.02303},
  year={2022}
}

@inproceedings{villegas2022phenaki,
  title={Phenaki: Variable length video generation from open domain textual descriptions},
  author={Villegas, Ruben and Babaeizadeh, Mohammad and Kindermans, Pieter-Jan and Moraldo, Hernan and Zhang, Han and Saffar, Mohammad Taghi and Castro, Santiago and Kunze, Julius and Erhan, Dumitru},
  booktitle={International Conference on Learning Representations},
  year={2022}
}

@article{hong2022cogvideo,
  title={Cogvideo: Large-scale pretraining for text-to-video generation via transformers},
  author={Hong, Wenyi and Ding, Ming and Zheng, Wendi and Liu, Xinghan and Tang, Jie},
  journal={arXiv preprint arXiv:2205.15868},
  year={2022}
}

@article{vaswani2017attention,
  title={Attention is all you need},
  author={Vaswani, Ashish and Shazeer, Noam and Parmar, Niki and Uszkoreit, Jakob and Jones, Llion and Gomez, Aidan N and Kaiser, {\L}ukasz and Polosukhin, Illia},
  journal={Advances in neural information processing systems},
  volume={30},
  year={2017}
}

@inproceedings{esser2024scaling,
  title={Scaling rectified flow transformers for high-resolution image synthesis},
  author={Esser, Patrick and Kulal, Sumith and Blattmann, Andreas and Entezari, Rahim and M{\"u}ller, Jonas and Saini, Harry and Levi, Yam and Lorenz, Dominik and Sauer, Axel and Boesel, Frederic and others},
  booktitle={Forty-first International Conference on Machine Learning},
  year={2024}
}
@article{wang2023lavie,
  title={LAVIE: High-Quality Video Generation with Cascaded Latent Diffusion Models},
  author={Wang, Yaohui and Chen, Xinyuan and Ma, Xin and Zhou, Shangchen and Huang, Ziqi and Wang, Yi and Yang, Ceyuan and He, Yinan and Yu, Jiashuo and Yang, Peiqing and others},
  journal={arXiv preprint arXiv:2309.15103},
  year={2023}
}

@article{pika,
  title={Pika Beta},
  year={2023},
  url = {https://pika.art/home}
}

https://openai.com/index/sora/
@article{sora,
 author={OpenAI},
  title={Sora},
  year={2024},
  url = {https://openai.com/index/sora/}
}

@article{dubey2024llama,
  title={The Llama 3 Herd of Models},
  author={Dubey, Abhimanyu and Jauhri, Abhinav and Pandey, Abhinav and Kadian, Abhishek and Al-Dahle, Ahmad and Letman, Aiesha and Mathur, Akhil and Schelten, Alan and Yang, Amy and Fan, Angela and others},
  journal={arXiv preprint arXiv:2407.21783},
  year={2024}
}

@article{xiong2023effective,
  title={Effective long-context scaling of foundation models},
  author={Xiong, Wenhan and Liu, Jingyu and Molybog, Igor and Zhang, Hejia and Bhargava, Prajjwal and Hou, Rui and Martin, Louis and Rungta, Rashi and Sankararaman, Karthik Abinav and Oguz, Barlas and others},
  journal={arXiv preprint arXiv:2309.16039},
  year={2023}
}

@article{bai2024longalign,
  title={Longalign: A recipe for long context alignment of large language models},
  author={Bai, Yushi and Lv, Xin and Zhang, Jiajie and He, Yuze and Qi, Ji and Hou, Lei and Tang, Jie and Dong, Yuxiao and Li, Juanzi},
  journal={arXiv preprint arXiv:2401.18058},
  year={2024}
}

@article{dao2022flashattention,
  title={Flashattention: Fast and memory-efficient exact attention with io-awareness},
  author={Dao, Tri and Fu, Dan and Ermon, Stefano and Rudra, Atri and R{\'e}, Christopher},
  journal={Advances in Neural Information Processing Systems},
  volume={35},
  pages={16344--16359},
  year={2022}
}

@article{wang2023cogvlm,
  title={Cogvlm: Visual expert for pretrained language models},
  author={Wang, Weihan and Lv, Qingsong and Yu, Wenmeng and Hong, Wenyi and Qi, Ji and Wang, Yan and Ji, Junhui and Yang, Zhuoyi and Zhao, Lei and Song, Xixuan and others},
  journal={arXiv preprint arXiv:2311.03079},
  year={2023}
}

@article{blattmann2023stable,
  title={Stable video diffusion: Scaling latent video diffusion models to large datasets},
  author={Blattmann, Andreas and Dockhorn, Tim and Kulal, Sumith and Mendelevitch, Daniel and Kilian, Maciej and Lorenz, Dominik and Levi, Yam and English, Zion and Voleti, Vikram and Letts, Adam and others},
  journal={arXiv preprint arXiv:2311.15127},
  year={2023}
}

@article{kling,
  title={Kling},
  author={Kuaishou AI Team},
  year={2024},
  url = {https://kling.kuaishou.com/en}
}


@article{gen2,
  title={Gen-2},
  author={runway},
  year={2023},
  url = {https://runwayml.com/ai-tools/gen-2-text-to-video}
}

@article{zhang2023show,
  title={Show-1: Marrying pixel and latent diffusion models for text-to-video generation},
  author={Zhang, David Junhao and Wu, Jay Zhangjie and Liu, Jia-Wei and Zhao, Rui and Ran, Lingmin and Gu, Yuchao and Gao, Difei and Shou, Mike Zheng},
  journal={arXiv preprint arXiv:2309.15818},
  year={2023}
}


@misc{chen2024videocrafter2,
      title={VideoCrafter2: Overcoming Data Limitations for High-Quality Video Diffusion Models}, 
      author={Haoxin Chen and Yong Zhang and Xiaodong Cun and Menghan Xia and Xintao Wang and Chao Weng and Ying Shan},
      year={2024},
      eprint={2401.09047},
      archivePrefix={arXiv},
      primaryClass={cs.CV}
}


@article{guo2023animatediff,
  title={Animatediff: Animate your personalized text-to-image diffusion models without specific tuning},
  author={Guo, Yuwei and Yang, Ceyuan and Rao, Anyi and Liang, Zhengyang and Wang, Yaohui and Qiao, Yu and Agrawala, Maneesh and Lin, Dahua and Dai, Bo},
  journal={arXiv preprint arXiv:2307.04725},
  year={2023}
}

@article{li2024t2v,
  title={T2V-Turbo: Breaking the Quality Bottleneck of Video Consistency Model with Mixed Reward Feedback},
  author={Li, Jiachen and Feng, Weixi and Fu, Tsu-Jui and Wang, Xinyi and Basu, Sugato and Chen, Wenhu and Wang, William Yang},
  journal={arXiv preprint arXiv:2405.18750},
  year={2024}
}

@article{gpt4o,
    title={GPT-4o},
    author={OpenAI},
    year={2024},
    howpublished={\url{https://openai.com/index/hello-gpt-4o/}},
}

@article{GPT4,
  title={GPT-4 Technical Report},
  author={Achiam, Josh and Adler, Steven and Agarwal, Sandhini and Ahmad, Lama and Akkaya, Ilge and Aleman, Florencia Leoni and Almeida, Diogo and Altenschmidt, Janko and Altman, Sam and Anadkat, Shyamal and others},
  journal={arXiv preprint arXiv:2303.08774},
  year={2023}
}

@article{llama3modelcard,
  title={Llama 3 Model Card},
  author={AI@Meta},
  year={2024},
  url = {https://github.com/meta-llama/llama3/blob/main/MODEL_CARD.md}
}

@article{touvron2023llama,
  title={Llama 2: Open foundation and fine-tuned chat models},
  author={Touvron, Hugo and Martin, Louis and Stone, Kevin and Albert, Peter and Almahairi, Amjad and Babaei, Yasmine and Bashlykov, Nikolay and Batra, Soumya and Bhargava, Prajjwal and Bhosale, Shruti and others},
  journal={arXiv preprint arXiv:2307.09288},
  year={2023}
}

@inproceedings{lin2014microsoft,
  title={Microsoft coco: Common objects in context},
  author={Lin, Tsung-Yi and Maire, Michael and Belongie, Serge and Hays, James and Perona, Pietro and Ramanan, Deva and Doll{\'a}r, Piotr and Zitnick, C Lawrence},
  booktitle={Computer Vision--ECCV 2014: 13th European Conference, Zurich, Switzerland, September 6-12, 2014, Proceedings, Part V 13},
  pages={740--755},
  year={2014},
  organization={Springer}
}

@inproceedings{bain2021frozen,
  title={Frozen in time: A joint video and image encoder for end-to-end retrieval},
  author={Bain, Max and Nagrani, Arsha and Varol, G{\"u}l and Zisserman, Andrew},
  booktitle={Proceedings of the IEEE/CVF international conference on computer vision},
  pages={1728--1738},
  year={2021}
}

@inproceedings{chen2024panda,
  title={Panda-70m: Captioning 70m videos with multiple cross-modality teachers},
  author={Chen, Tsai-Shien and Siarohin, Aliaksandr and Menapace, Willi and Deyneka, Ekaterina and Chao, Hsiang-wei and Jeon, Byung Eun and Fang, Yuwei and Lee, Hsin-Ying and Ren, Jian and Yang, Ming-Hsuan and others},
  booktitle={Proceedings of the IEEE/CVF Conference on Computer Vision and Pattern Recognition},
  pages={13320--13331},
  year={2024}
}

@article{zheng2024cogview3,
  title={Cogview3: Finer and faster text-to-image generation via relay diffusion},
  author={Zheng, Wendi and Teng, Jiayan and Yang, Zhuoyi and Wang, Weihan and Chen, Jidong and Gu, Xiaotao and Dong, Yuxiao and Ding, Ming and Tang, Jie},
  journal={arXiv preprint arXiv:2403.05121},
  year={2024}
}

@misc{CogVLM2-Video,
  author       = {CogVLM-Team},
  title        = {CogVLM2-Video},
  howpublished = {\url{https://github.com/THUDM/CogVLM2}},
  year         = {2024},
  note         = {Accessed: 2024-07-22}
}

@incollection{Bengio+chapter2007,
author = {Bengio, Yoshua and LeCun, Yann},
booktitle = {Large Scale Kernel Machines},
publisher = {MIT Press},
title = {Scaling Learning Algorithms Towards {AI}},
year = {2007}
}

@article{Hinton06,
author = {Hinton, Geoffrey E. and Osindero, Simon and Teh, Yee Whye},
journal = {Neural Computation},
pages = {1527--1554},
title = {A Fast Learning Algorithm for Deep Belief Nets},
volume = {18},
year = {2006}
}

@book{goodfellow2016deep,
title={Deep learning},
author={Goodfellow, Ian and Bengio, Yoshua and Courville, Aaron and Bengio, Yoshua},
volume={1},
year={2016},
publisher={MIT Press}
}

@inproceedings{peebles2023scalable,
  title={Scalable diffusion models with transformers},
  author={Peebles, William and Xie, Saining},
  booktitle={Proceedings of the IEEE/CVF International Conference on Computer Vision},
  pages={4195--4205},
  year={2023}
}

@article{salimans2022progressive,
  title={Progressive distillation for fast sampling of diffusion models},
  author={Salimans, Tim and Ho, Jonathan},
  journal={arXiv preprint arXiv:2202.00512},
  year={2022}
}

@article{dehghani2024patch,
  title={Patch n’pack: Navit, a vision transformer for any aspect ratio and resolution},
  author={Dehghani, Mostafa and Mustafa, Basil and Djolonga, Josip and Heek, Jonathan and Minderer, Matthias and Caron, Mathilde and Steiner, Andreas and Puigcerver, Joan and Geirhos, Robert and Alabdulmohsin, Ibrahim M and others},
  journal={Advances in Neural Information Processing Systems},
  volume={36},
  year={2024}
}

@inproceedings{esser2021taming,
  title={Taming transformers for high-resolution image synthesis},
  author={Esser, Patrick and Rombach, Robin and Ommer, Bjorn},
  booktitle={Proceedings of the IEEE/CVF conference on computer vision and pattern recognition},
  pages={12873--12883},
  year={2021}
}

@article{betker2023improving,
  title={Improving image generation with better captions},
  author={Betker, James and Goh, Gabriel and Jing, Li and Brooks, Tim and Wang, Jianfeng and Li, Linjie and Ouyang, Long and Zhuang, Juntang and Lee, Joyce and Guo, Yufei and others},
  journal={Computer Science. https://cdn. openai. com/papers/dall-e-3. pdf},
  volume={2},
  number={3},
  pages={8},
  year={2023}
}

@inproceedings{rombach2022high,
  title={High-resolution image synthesis with latent diffusion models},
  author={Rombach, Robin and Blattmann, Andreas and Lorenz, Dominik and Esser, Patrick and Ommer, Bj{\"o}rn},
  booktitle={Proceedings of the IEEE/CVF conference on computer vision and pattern recognition},
  pages={10684--10695},
  year={2022}
}

@article{su2024roformer,
  title={Roformer: Enhanced transformer with rotary position embedding},
  author={Su, Jianlin and Ahmed, Murtadha and Lu, Yu and Pan, Shengfeng and Bo, Wen and Liu, Yunfeng},
  journal={Neurocomputing},
  volume={568},
  pages={127063},
  year={2024},
  publisher={Elsevier}
}

@inproceedings{lin2024common,
  title={Common diffusion noise schedules and sample steps are flawed},
  author={Lin, Shanchuan and Liu, Bingchen and Li, Jiashi and Yang, Xiao},
  booktitle={Proceedings of the IEEE/CVF winter conference on applications of computer vision},
  pages={5404--5411},
  year={2024}
}
@article{zhang2023video,
  title={Video-llama: An instruction-tuned audio-visual language model for video understanding},
  author={Zhang, Hang and Li, Xin and Bing, Lidong},
  journal={arXiv preprint arXiv:2306.02858},
  year={2023}
}


@article{raffel2020exploring,
  title={Exploring the limits of transfer learning with a unified text-to-text transformer},
  author={Raffel, Colin and Shazeer, Noam and Roberts, Adam and Lee, Katherine and Narang, Sharan and Matena, Michael and Zhou, Yanqi and Li, Wei and Liu, Peter J},
  journal={Journal of machine learning research},
  volume={21},
  number={140},
  pages={1--67},
  year={2020}
}

@article{singer2022make,
  title={Make-a-video: Text-to-video generation without text-video data},
  author={Singer, Uriel and Polyak, Adam and Hayes, Thomas and Yin, Xi and An, Jie and Zhang, Songyang and Hu, Qiyuan and Yang, Harry and Ashual, Oron and Gafni, Oran and others},
  journal={arXiv preprint arXiv:2209.14792},
  year={2022}
}


@InProceedings{huang2023vbench,
title={{VBench}: Comprehensive Benchmark Suite for Video Generative Models},
author={Huang, Ziqi and He, Yinan and Yu, Jiashuo and Zhang, Fan and Si, Chenyang and Jiang, Yuming and Zhang, Yuanhan and Wu, Tianxing and Jin, Qingyang and Chanpaisit, Nattapol and Wang, Yaohui and Chen, Xinyuan and Wang, Limin and Lin, Dahua and Qiao, Yu and Liu, Ziwei},
booktitle={Proceedings of the IEEE/CVF Conference on Computer Vision and Pattern Recognition},
year={2024}
}

@article{yuan2024chronomagic,
  title={ChronoMagic-Bench: A Benchmark for Metamorphic Evaluation of Text-to-Time-lapse Video Generation},
  author={Yuan, Shenghai and Huang, Jinfa and Xu, Yongqi and Liu, Yaoyang and Zhang, Shaofeng and Shi, Yujun and Zhu, Ruijie and Cheng, Xinhua and Luo, Jiebo and Yuan, Li},
  journal={arXiv preprint arXiv:2406.18522},
  year={2024}
}

@software{opensora,
  author = {Zangwei Zheng and Xiangyu Peng and Tianji Yang and Chenhui Shen and Shenggui Li and Hongxin Liu and Yukun Zhou and Tianyi Li and Yang You},
  title = {Open-Sora: Democratizing Efficient Video Production for All},
  month = {March},
  year = {2024},
  url = {https://github.com/hpcaitech/Open-Sora}
}


@misc{liao2024evaluationtexttovideogenerationmodels,
      title={Evaluation of Text-to-Video Generation Models: A Dynamics Perspective}, 
      author={Mingxiang Liao and Hannan Lu and Xinyu Zhang and Fang Wan and Tianyu Wang and Yuzhong Zhao and Wangmeng Zuo and Qixiang Ye and Jingdong Wang},
      year={2024},
      eprint={2407.01094},
      archivePrefix={arXiv},
      primaryClass={cs.CV},
      url={https://arxiv.org/abs/2407.01094}, 
}

@article{yu2023language,
  title={Language Model Beats Diffusion--Tokenizer is Key to Visual Generation},
  author={Yu, Lijun and Lezama, Jos{\'e} and Gundavarapu, Nitesh B and Versari, Luca and Sohn, Kihyuk and Minnen, David and Cheng, Yong and Gupta, Agrim and Gu, Xiuye and Hauptmann, Alexander G and others},
  journal={arXiv preprint arXiv:2310.05737},
  year={2023}
}

@inproceedings{zhang2018unreasonable,
  title={The unreasonable effectiveness of deep features as a perceptual metric},
  author={Zhang, Richard and Isola, Phillip and Efros, Alexei A and Shechtman, Eli and Wang, Oliver},
  booktitle={Proceedings of the IEEE conference on computer vision and pattern recognition},
  pages={586--595},
  year={2018}
}

@article{ho2020denoising,
  title={Denoising diffusion probabilistic models},
  author={Ho, Jonathan and Jain, Ajay and Abbeel, Pieter},
  journal={Advances in neural information processing systems},
  volume={33},
  pages={6840--6851},
  year={2020}
}

@article{chen2023pixart,
  title={Pixart-$$\backslash$alpha $: Fast training of diffusion transformer for photorealistic text-to-image synthesis},
  author={Chen, Junsong and Yu, Jincheng and Ge, Chongjian and Yao, Lewei and Xie, Enze and Wu, Yue and Wang, Zhongdao and Kwok, James and Luo, Ping and Lu, Huchuan and others},
  journal={arXiv preprint arXiv:2310.00426},
  year={2023}
}

@article{ma2024latte,
  title={Latte: Latent diffusion transformer for video generation},
  author={Ma, Xin and Wang, Yaohui and Jia, Gengyun and Chen, Xinyuan and Liu, Ziwei and Li, Yuan-Fang and Chen, Cunjian and Qiao, Yu},
  journal={arXiv preprint arXiv:2401.03048},
  year={2024}
}